<record><leader>01318cas a2200337 a 4500</leader><controlfield tag="001">ocm15508981 </controlfield><controlfield tag="003">OCoLC</controlfield><controlfield tag="005">20041011133654.0</controlfield><controlfield tag="008">870409d19091989orudn ne      0   a0eng d</controlfield><datafield ind1=" " ind2=" " tag="010"><subfield code="a">   97071090 </subfield></datafield><datafield ind1=" " ind2=" " tag="040"><subfield code="a">ORY</subfield><subfield code="c">ORY</subfield><subfield code="d">OCL</subfield><subfield code="d">CNK</subfield><subfield code="d">OCN</subfield><subfield code="d">OCL</subfield><subfield code="d">OCLCQ</subfield></datafield><datafield ind1=" " ind2=" " tag="037"><subfield code="b">Medford Mail Tribune Co., Fir at Sixth Street (P.O. Box 1108), Medford, Or. 97501</subfield></datafield><datafield ind1=" " ind2=" " tag="042"><subfield code="a">lcd</subfield></datafield><datafield ind1=" " ind2=" " tag="043"><subfield code="a">n-us-or</subfield></datafield><datafield ind1=" " ind2="4" tag="050"><subfield code="a">AN2</subfield><subfield code="b">.M4x</subfield></datafield><datafield ind1="0" ind2=" " tag="130"><subfield code="a">Medford mail tribune (Medford, Or. : Daily ed.)</subfield></datafield><datafield ind1="0" ind2="0" tag="245"><subfield code="a">Medford mail tribune.</subfield></datafield><datafield ind1="1" ind2="3" tag="246"><subfield code="a">Mail tribune</subfield></datafield><datafield ind1=" " ind2=" " tag="250"><subfield code="a">[Daily ed.].</subfield></datafield><datafield ind1=" " ind2=" " tag="260"><subfield code="a">Medford, Or. :</subfield><subfield code="b">Medford Mail Tribune,</subfield><subfield code="c">1909-1989.</subfield></datafield><datafield ind1=" " ind2=" " tag="300"><subfield code="a">v.</subfield></datafield><datafield ind1=" " ind2=" " tag="310"><subfield code="a">Daily, except Saturday</subfield></datafield><datafield ind1="0" ind2=" " tag="362"><subfield code="a">4th year, no. 193 (Nov. 1, 1909)-86th year, no. 23 (Sept. 1, 1989).</subfield></datafield><datafield ind1=" " ind2=" " tag="580"><subfield code="a">Formed by the union of the Medford mail (Medford, Or. : 1893), the Southern Oregonian (Medford, Or. : 1908), and the Medford tribune.</subfield></datafield><datafield ind1=" " ind2="0" tag="651"><subfield code="a">Medford (Or.)</subfield><subfield code="v">Newspapers.</subfield></datafield><datafield ind1=" " ind2=" " tag="752"><subfield code="a">United States</subfield><subfield code="b">Oregon</subfield><subfield code="c">Jackson</subfield><subfield code="d">Medford.</subfield></datafield><datafield ind1="0" ind2=" " tag="775"><subfield code="t">Meford mail tribune (Medford, Or. : Weekly ed.)</subfield></datafield><datafield ind1="1" ind2="5" tag="780"><subfield code="t">Medford mail (Medford, Or. : 1893)</subfield><subfield code="w">(OCoLC)17899399</subfield></datafield><datafield ind1="1" ind2="5" tag="780"><subfield code="t">Southern Oregonian (Medford, Or. : 1908)</subfield></datafield><datafield ind1="1" ind2="5" tag="780"><subfield code="t">Medford tribune</subfield></datafield><datafield ind1="0" ind2="0" tag="785"><subfield code="t">Mail tribune (Medford, Or.)</subfield><subfield code="w">(DLC)sn 96061864</subfield><subfield code="w">(OCoLC)34998867</subfield></datafield></record>